@inproceedings{xu2007adarank,
  title={Adarank: a boosting algorithm for information retrieval},
  author={Xu, Jun and Li, Hang},
  booktitle={Proceedings of the 30th annual international ACM SIGIR conference on Research and development in information retrieval},
  pages={391--398},
  year={2007},
  organization={ACM}
}
